@book{wickham2015r,
  title={R packages: organize, test, document, and share your code},
  author={Wickham, Hadley},
  year={2015},
  publisher={O'Reilly Media, Inc.}
}

@Manual{R,
  title = {\emph{R} v3.6.3: A language and environment for statistical computing},
  author = {{R Core Team}},
  organization = {R Foundation for Statistical Computing},
  address = {Vienna, Austria},
  year = {2018},
  url = {https://www.R-project.org/},
}

@Article{testthat,
  author = {Hadley Wickham},
  title = {\texttt{testthat} v.2.3.2: Get started with testing},
  journal = {The R Journal},
  year = {2011},
  volume = {3},
  pages = {5--10},
  url = {https://journal.r-project.org/archive/2011-1/RJournal_2011-1_Wickham.pdf},
}

@article{osborne2014ten,
  title={Ten simple rules for effective computational research},
  author={Osborne, James M and Bernabeu, Miguel O and Bruna, Maria and Calderhead, Ben and Cooper, Jonathan and Dalchau, Neil and Dunn, Sara-Jane and Fletcher, Alexander G and Freeman, Robin and Groen, Derek and Knapp, Bernhard and McInerny, Greg J. and Mirams, Gary R. and Pitt-Francis, Joe and Sengupta, Biswa and Wright, David W. and Yates, Christian A. and Gavaghan, David J and Emmott, Stephen and Deane, Charlotte},
  journal={PLoS Computational Biology},
  volume={10},
  number={3},
  year={2014},
  publisher={Public Library of Science}
}

@article{wilson2014best,
  title={Best practices for scientific computing},
  author={Wilson, Greg and Aruliah, Dhavide A and Brown, C Titus and {Chue Hong}, Neil P and Davis, Matt and Guy, Richard T and Haddock, Steven HD and Huff, Kathryn D and Mitchell, Ian M and Plumbley, Mark D and Waugh, Ben and White, Ethan P and Wilson, Paul},
  journal={PLoS Biology},
  volume={12},
  number={1},
  year={2014},
  publisher={Public Library of Science}
}

@article{willem2017lessons,
  title={Lessons from a decade of individual-based models for infectious disease transmission: {a} systematic review (2006-2015)},
  author={Willem, Lander and Verelst, Frederik and Bilcke, Joke and Hens, Niel and Beutels, Philippe},
  journal={BMC Infectious Diseases},
  volume={17},
  number={1},
  pages={612},
  year={2017},
  publisher={Springer}
}

@article{ferguson2006strategies,
  title={Strategies for mitigating an influenza pandemic},
  author={Ferguson, Neil M and Cummings, Derek AT and Fraser, Christophe and Cajka, James C and Cooley, Philip C and Burke, Donald S},
  journal={Nature},
  volume={442},
  number={7101},
  pages={448--452},
  year={2006},
  publisher={Nature Publishing Group}
}

@article{bezanson2017julia,
  title={\emph{Julia}: A fresh approach to numerical computing},
  author={Bezanson, Jeff and Edelman, Alan and Karpinski, Stefan and Shah, Viral B},
  journal={SIAM review},
  volume={59},
  number={1},
  pages={65--98},
  year={2017},
  publisher={SIAM},
  url={https://doi.org/10.1137/141000671}
}


@Manual{python,
  title = {\emph{Python} v3.8.2: A dynamic, open source programming 
language},
  author = {{Python Core Team}},
  organization = {Python Software Foundation},
  year = {2015},
  url = {https://www.python.org/}
}

@Manual{juliatest,
  title = {\texttt{test} v1.4.1: Simple unit testing functionality in Julia},
  author = {Bezanson, Jeff and Edelman, Alan and Karpinski, Stefan and Shah, Viral B and other contributers},
  year = {2017},
  url = {https://github.com/JuliaLang/julia/blob/master/stdlib/Test/src/Test.jl}
}

@Manual{devtools,
  title = {\texttt{devtools} v2.3.0: Tools to make developing R packages easier},
  author = {Hadley Wickham and Jim Hester and Winston Chang and RStudio and {R Core Team}},
  year = {2019},
  url = {https://CRAN.R-project.org/package=devtools},
}

@Manual{pythonunittest,
  title = {\texttt{unittest} v3.8.2: Unit testing framework},
  author = {{Python Core Team}},
  year = {2015},
  url = {https://docs.python.org/3/library/unittest.html}
}

@article{ihme,
  title={Forecasting {COVID-19} impact on hospital bed-days, {ICU-days}, ventilator days and deaths by {US} state in the next 4 months},
  author={{IHME COVID-19 health service utilization forecasting team} and Christopher JL Murray},
  journal={MedRxiv},
  year={2020},
  doi={10.1101/2020.03.27.20043752}
}

@article{imperial,
  title={Impact of non-pharmaceutical interventions ({NPIs}) to reduce {COVID-19} mortality and healthcare demand},
  author={Neil M Ferguson and Daniel Laydon and Gemma Nedjati-Gilani and Natsuko Imai and Kylie Ainslie and Marc Baguelin and Sangeeta Bhatia and Adhiratha Boonyasiri and Zulma Cucunub√° and Gina Cuomo-Dannenburg and Amy Dighe and Ilaria Dorigatti and Han Fu and Katy Gaythorpe and Will Green and Arran Hamlet and Wes Hinsley and Lucy C Okell and Sabine van Elsland and Hayley Thompson and Robert Verity and Erik Volz and Haowei Wang and Yuanrong Wang and Patrick GT Walker and Caroline Walters and Peter Winskill and Charles Whittaker and Christl A Donnelly and Steven Riley and Azra C Ghani},
  year={2020},
  url={https://www.imperial.ac.uk/mrc-global-infectious-disease-analysis/covid-19/report-9-impact-of-npis-on-covid-19/}
}

@article{hellewell2020feasibility,
  title={Feasibility of controlling {COVID-19} outbreaks by isolation of cases and contacts},
  author={Hellewell, Joel and Abbott, Sam and Gimma, Amy and Bosse, Nikos I and Jarvis, Christopher I and Russell, Timothy W and Munday, James D and Kucharski, Adam J and Edmunds, W John and {Centre for the Mathematical Modelling of Infectious Diseases COVID-19 Working Group} and Funk, Sebastian and Eggo, Rosalind M},
  journal={The Lancet Global Health},
  year={2020},
  publisher={Elsevier}
}

@misc{ferg_tweet,
  title={Tweet from {@}{neil\_ferguson}},
  author={Neil M Ferguson},
  year={2020},
  howpublished="\url{https://twitter.com/neil_ferguson/status/1241835454707699713}",
  note = {Accessed: 2020-04-08}
}